<?xml version="1.0" encoding="UTF-8"?><record xmlns="http://www.loc.gov/MARC21/slim" xmlns:cinclude="http://apache.org/cocoon/include/1.0" xmlns:zs="http://www.loc.gov/zing/srw/">
  <leader>00909cz  a2200217n  4500</leader>
  <controlfield tag="001">nr2005006299</controlfield>
  <controlfield tag="003">DLC</controlfield>
  <controlfield tag="005">20120229075727.0</controlfield>
  <controlfield tag="008">050308n| acannaabn          |a aaa     c</controlfield>
  <datafield tag="010" ind1=" " ind2=" ">
    <subfield code="a">nr2005006299</subfield>
  </datafield>
  <datafield tag="035" ind1=" " ind2=" ">
    <subfield code="a">(OCoLC)oca06583013</subfield>
  </datafield>
  <datafield tag="040" ind1=" " ind2=" ">
    <subfield code="a">CSt</subfield>
    <subfield code="b">eng</subfield>
    <subfield code="c">CSt</subfield>
    <subfield code="d">OCoLC</subfield>
  </datafield>
  <datafield tag="100" ind1="1" ind2=" ">
    <subfield code="a">Beĭshenaliev, Bolot,</subfield>
    <subfield code="d">1937-</subfield>
  </datafield>
  <datafield tag="400" ind1="1" ind2=" ">
    <subfield code="a">Bejshenaliyev, Bolot,</subfield>
    <subfield code="d">1937-</subfield>
  </datafield>
  <datafield tag="400" ind1="1" ind2=" ">
    <subfield code="a">Beishenaliyev, B.</subfield>
    <subfield code="q">(Bolot),</subfield>
    <subfield code="d">1937-</subfield>
  </datafield>
  <datafield tag="400" ind1="1" ind2=" ">
    <subfield code="a">Bejchenaliyev, B.</subfield>
    <subfield code="q">(Bolot),</subfield>
    <subfield code="d">1937-</subfield>
  </datafield>
  <datafield tag="400" ind1="1" ind2=" ">
    <subfield code="a">Bejshenaliyev, B.</subfield>
    <subfield code="q">(Bolot),</subfield>
    <subfield code="d">1937-</subfield>
  </datafield>
  <datafield tag="400" ind1="1" ind2=" ">
    <subfield code="a">Beyshenaliev, Bolot,</subfield>
    <subfield code="d">1937-</subfield>
  </datafield>
  <datafield tag="670" ind1=" " ind2=" ">
    <subfield code="a">Gibelʹ Otrara, 200-?:</subfield>
    <subfield code="b">credits (Bolot Beĭshenaliev, Bolot Beyshenaliev [in rom.])</subfield>
  </datafield>
  <datafield tag="670" ind1=" " ind2=" ">
    <subfield code="a">Pervyi uchitel, 2001:</subfield>
    <subfield code="b">credits (Bolot Beĭshenaliev)</subfield>
  </datafield>
  <datafield tag="670" ind1=" " ind2=" ">
    <subfield code="a">Internet movie database, Mar. 8, 2005</subfield>
    <subfield code="b">(Bolot Bejshenaliyev; also known as B. Beishenaliyev, B. Bejchenaliyev, B. Bejshenaliyev; actor; b. June 25, 1937 in Toktogul, Kyrzhyz republic)</subfield>
  </datafield>
</record>